@String{SimonSchuster = "Simon \& Schuster"}
@String{BradfordMIT = "Bradford Books/MIT Press"}

@String{NY = "New York"}
@String{Cambridge = "Cambridge, MA"}

@Book{Hofstadter:GEB,
  author =       "Douglas R. Hofstadter",
  title =        "{G}{\"o}del, {E}scher, {B}ach: an Eternal Golden
                 Braid",
  publisher =    "Penguin",
  year =         "1979",
  ISBN =         "0-14-017997-6",
}

@Book{Hofstadter:FCCA,
  author =       "Douglas R. Hofstadter",
  title =        "{Fluid Concepts \& Creative Analogies: Computer Models
                 of the Fundamental Mechanisms of Thought}",
  publisher =    "Basic Books",
  year =         "1995",
}


@Book{Hofstadter:meta,
  author =       "Douglas R. Hofstadter",
  year =         "1985",
  keywords =     "LOGIC THEOREM-PROVING AI THEORY BOOK GODEL",
  title =        "Metamagical themas : questing for the essence of mind
                 and pattern",
  publisher =    "Basic Books",
  address  = NY,
}



@InBook{Hofstadter:meta12,
  author =	 {Douglas R. Hofstadter},
  title = 	 {Metamagical themas: questing for the essence of mind
                 and pattern},
  chapter = 	 12,
  publisher = 	 {Basic Books},
  year = 	 1985,
  pages =	 {232-259}
}

@PhdThesis{Meredith,
  author = "Marsha J. Meredith",
  title = "Seek-Whence: A Model of Pattern Perception",
  school = "Computer Science Department, Indiana University",
  year = 1986,
  address = "Bloomington"
}

@Book{Mitchell,
 author = "Melanie Mitchell",
 year = 1993,
 title = "Analogy Making as Perception",
 address = Cambridge,
 publisher = BradfordMIT
}

@PhdThesis{Rehling,
  author = 	 {John A. Rehling},
  title = 	 {Letter Spirit (Part Two): Modeling Creativity In A Visual Domain},
  school = 	 {Computer Science Department, Indiana University},
  year = 	 {2001},
  address =      "Bloomington"
}



@PhdThesis{Mitchell90,
  author = 	 {Melanie Mitchell},
  title = 	 {Copycat: A Computer Model Of High-Level Perception And Conceptual Slippage In Analogy-Making},
  school = 	 {Computer Science Department, Indiana University},
  year = 	 {1990},
  address =      "Bloomington"
}


@PhdThesis{Marshall,
  author = 	 {James B. Marshall},
  title = 	 {Metacat: A Self-Watching Cognitive Architecture For Analogy-Making And High-Level Perception},
  school = 	 {Computer Science Department, Indiana University},
  year = 	 {1999},
  address =      "Bloomington"
}



@PhdThesis{Ekbia,
  author = 	 {Ekbia, Hamid},
  title = 	 {??},
  school = 	 {Computer Science Department, Indiana University},
  year = 	 2004,
  address =	 {Bloomington}
}

@InCollection{ChalmersFrench,
  author = 	 {David Chalmers and Robert French and Douglas R. Hofstadter},
  title = 	 {High-level Perception, Representation, and Analogy: A Critique of Artificial-intelligence Methodology},
  booktitle = 	 {Fluid Concepts \& Creative Analogies: Computer Models
                 of the Fundamental Mechanisms of Thought},
  publisher =	 {Basic Books},
  year =	 {1995}
}

@Article{Moser,
  author = 	 {Hofstadter, D and Moser, D},
  title = 	 {To err is human: To study error-making is cognitive science},
  journal = 	 {Michigan Quarterly Review},
  year = 	 1989
}

