@String{SimonSchuster = "Simon \& Schuster"}
@String{BradfordMIT = "Bradford Books/MIT Press"}
@String{OUP = "Oxford University Press"}

@String{NY = "New York"}
@String{Cambridge = "Cambridge, MA"}


@Book{schank+abelson1977,
  author =       "Roger C. Schank and Robert P. Abelson",
  title =        "Scripts, Plans, Goals and Understanding: an Inquiry
                 into Human Knowledge Structures",
  publisher =    "L. Erlbaum",
  year =         "1977",
  address =      "Hillsdale, NJ",
  keywords =     "PAM, SAM, TALE-SPIN, causality, conceptual dependency,
                 goals, plans, scripts, semantic primitive, text
                 understanding",
}

@Book{schank1982,
  author =       "Roger C. Schank",
  title =        "Dynamic Memory",
  publisher =    "Cambridge UP",
  year =         "1982",
}



@Book{schank1999,
  author =	 {Roger C. Schank},
  title = 	 {Dynamic Memory Revisited},
  publisher = 	 {Cambridge University Press},
  year = 	 1999,
  edition =	 {2nd}
}

@Book{Kanerva,
   author = "Pentti Kanerva",
   year  = "1988",
   title = "Sparse Distributed Memory",
   publisher = BradfordMIT,
   address = Cambridge,
   abstract = {Weird (and neatly so) approach to memory using vector spaces and such}
}
 
@Book{Minsky,
      author = "Marvin L. Minsky",
   year   = 1985,
   title  = "The Society of Mind",
   publisher =  SimonSchuster,
   address = NY,
}

@Book{Agar,
    author = "Michael H. Agar",
  title = 	 {Language Shock: Understanding the Culture of Conversation},
  publisher = 	 {Perennial},
  year = 	 {1996},
  annote = {Just trying out what annotation looks like},
  abstract = {Describes the work of Malinowsky, Whorf et. al. Introduced the word \emph{Rich Point} to me. },
}

@Book{Neisser,
  editor = 	 {Ulric Neisser and Ira E. Hyman},
  title = 	 {Memory Observed: Remembering in Natural Contexts},
  publisher = 	 {Worth Publishing},
  year = 	 {1999},
  edition = 	 {2nd}
}

@Book{Arnheim,
  author = 	 {Rudolph Arnheim},
  title = 	 {Art and Visual Perception: A Psychology of the Creative Eye},
  publisher = 	 {University of California Press},
  year = 	 {1983},
  edition =	 {2nd}
}




@Book{Pinker,
  author =	 {Steven Pinker},
  title = 	 {The Language Instinct: How the Mind Creates Language},
  publisher = 	 {Perennial},
  year = 	 {2000},
}



@Book{Lakoff,
  author =	 {George Lakoff and Rafael E. Nu{\~n}ez},
  title = 	 {Where Mathematics Comes From: How the Embodied Mind Brings Mathematics into Being},
  publisher = 	 {Basic Books},
  year = 	 {2001}
}


@Book{Clark,
  author =	 {Andy Clark},
  title = 	 {Mindware: An Introduction to the Philosophy of Cognitive Science},
  publisher = 	 OUP,
  year = 	 {2001}
}


@Book{Kuhn,
  author =	 {Thomas Kuhn},
  title = 	 {The Structure of Scientific Revolutions},
  publisher = 	 {University of Chicago Press},
  year = 	 {1970},
  address =	 {Chicago},
  edition =	 {2nd}
}

@TechReport{Persson,
  author = 	 {Staffan Persson},
  title = 	 {Some Sequence Extrapolating Programs: A study of Representation and Modeling in Inquiring Systems},
  institution =  {Computer Science Department, Stanford University},
  year = 	 {1966},
  number =	 {STAN-CS-66-050}
}


@Article{SimonKotovsky,
  author = 	 {Herbert A. Simon and Kenneth Kotovsky},
  title = 	 {Human Acquisition of Concepts for Sequential Patterns},
  journal = 	 {Psychological Review},
  year = 	 {1963},
  volume =	 {70},
  number =	 {6},
  pages =	 {534-546}
}



@InProceedings{Laird,
  author = 	 {Philip Laird and Ronald Saul and Peter Dunning},
  title = 	 {A Model of Sequence Extrapolation},
  booktitle = 	 {Proceedings of the Sixth Annual conference on Computational Learning Theory},
  pages =	 {84-93},
  year =	 {1993},
  OPTaddress = 	 {Santa Cruz, CA },
  abstract = {Very algorithmic. With *no* examples of what sequences it actually works on.}
}


@InCollection{Pivar,
  author = 	 {M. Pivar and M. Finkelstein},
  title = 	 {Automation using LISP of Induction on Sequences },
  booktitle = 	 {The Programming Language LISP},
  publisher =	 {Information International, Inc.},
  year =	 {1964},
  editor =	 {E. Berkeley and D. Bobrow}
}


@inproceedings{ colton00automatic,
    author = "Simon Colton and Alan Bundy and Toby Walsh",
    title = "Automatic Identification of Mathematical Concepts",
    booktitle = "Proc. 17th International Conf. on Machine Learning",
    publisher = "Morgan Kaufmann, San Francisco, CA",
    pages = "183--190",
    year = "2000",
    url = "citeseer.nj.nec.com/colton99automatic.html" ,
    abstract = {Automatic concept formation. Seems similar to Lenat's AM, except with a theorem prover. Nothing very interesting in sequence understanding}
}

@Article{Churchland,
  author = 	 {Paul M. Churchland},
  title = 	 {Eliminative Materialism and the Propositional Attitudes},
  journal = 	 {Journal of Philosophy},
  year = 	 {1981},
  volume =	 {78},
  number =	 {2},
  pages =	 {67-90}
}



@Book{Fodor:psychosemantics,
  author =	 {Jerry Fodor},
  title = 	 {Psychosemantics: the Problem of Meaning in the Philosophy of the Mind},
  publisher = 	 {MIT press},
  year = 	 {1987},
  address =	 {Cambridge, MA}
}

@Book{Barwise,
  author =	 {Jon Barwise and John Perry},
  title = 	 {Situations and Attitudes},
  publisher = 	 {MIT Press},
  year = 	 {1983}
}


@Book{Searle,
  author =	 {J. R. Searle},
  title = 	 {Speech Acts},
  publisher = 	 {Cambridge University Press},
  year = 	 {1970},
  OPTaddress = 	 {Cambridge, England}
}

@InCollection{Clark:Symbol,
  author = 	 {Andy Clark},
  title = 	 {The Presence of a Symbol},
  booktitle = 	 {Mind Design II},
  pages =	 {377-394},
  publisher =	 {MIT Press},
  year =	 {1992},
  editor =	 {John Haugeland},
  OPTaddress = 	 {Cambridge, MA}
}



@Book{Anderson,
  author =	 {John R. Anderson},
  title = 	 {The Adaptive Character of Thought},
  publisher = 	 {Lawrence Erlbaum Associates},
  year = 	 {1990},
  address =	 {Hillsdale, NJ}
}


@InCollection{Kirsh,
  author = 	 {David Kirsh},
  title = 	 {When is Information Explicitely Represented?},
  booktitle = 	 {},
  year  = 1991, 
}




@Book{Aitchison,
  author =	 {Jean Aitchison},
  title = 	 {Words in the Mind: An Introduction to the Mental Lexicon},
  publisher = 	 {Basil Blackwell},
  year = 	 {1987},
  address =	 {New York}
}






@Book{Jackendoff,
  author =	 {Ray Jackendoff},
  title = 	 {Semantics and Cognition},
  publisher = 	 {MIT Press},
  year = 	 {1985},
  address =	 {Cambridge, MA}
}





@Book{Ellis,
  author =	 {John M. Ellis},
  title = 	 {Language, Thought, and Logic},
  publisher = 	 {Northwestern University Press},
  year = 	 {1993},
  address =	 {Evanston, Il}
}

@Article{Rosch,
  author = 	 {E. Rosch},
  title = 	 {Cognitive Representations of Semantic Categories},
  journal = 	 {Journal of Experimental Psychology: General},
  year = 	 {1975},
  volume =	 {104},
  pages =	 {192-233}
}

@Article{Armstrong,
  author = 	 {S. L. Armstrong and L. R. Gleitman and H. Gleitman},
  title = 	 {What some concepts might not be},
  journal = 	 {Cognition},
  year = 	 {1983},
  volume =	 {13},
  pages =	 {263-308}
}




@Book{Gardenfors,
  author =	 {Peter G{\"a}rdenfors},
  title = 	 {Conceptual Spaces: The Geometry of Thought},
  publisher = 	 {MIT Press},
  year = 	 {2000},
  address =	 {Cambridge, MA}
}


@Book{Pullum,
  author =	 {Geoffrey K. Pullum},
  title = 	 {The Great Eskimo Vocabulary Hoax and Other Irreverant Essays on the Study of Language},
  publisher = 	 {University of Chicago Press},
  year = 	 {1991},
  address =	 {Chicago, Il}
}


@Book{BerneHello,
  author =	 {Eric Berne},
  title = 	 {What do you say after you say hello? The psychology of human destiny},
  publisher = 	 {Grove Press},
  year = 	 1972
}

@Book{indurkhya,
  author =	 {Bipin Indurkhya},
  title = 	 {Metaphor and Cognition: An Interactionist Approach },
  publisher = 	 {Kluwer Academic Publishers},
  year = 	 1992,
  volume =	 13,
  series =	 {Studies in Cognitive Systems}
}

@Book{Regier,
  author =	 {Terry Regier},
  title = 	 {The Human Semantic Potential---Spatial Language and Constrained Connectionism},
  publisher = 	 {MIT Press},
  year = 	 1996,
  address =	 {Cambridge, MA}
}


@Book{James,
  author =	 {William James},
  title =	 {The Principles of Psychology},
  publisher =	 {Dover Publications},
  year =	 {1890},
}


@Book{Goffman,
  author =	 {Erving Goffman},
  title = 	 {Frame Analysis: An Essay on the Organization of Experience},
  publisher = 	 {Northeastern University Press},
  year = 	 {1986},
}


@Book{Zerubavel,
  author =	 {Eviatar Zerubavel},
  title = 	 {The Fine Line},
  publisher = 	 {University of Chicago Press},
  year = 	 {},
}


