@STRING{ SimonSchuster = "Simon \& Schuster"}
@STRING{ BradfordMIT = "Bradford Books/MIT Press"}
@STRING{ NY = "New York"}
@STRING{ Cambridge = "Cambridge, MA"}
@STRING{ SimonSchuster = "Simon \& Schuster"}
@STRING{ BradfordMIT = "Bradford Books/MIT Press"}
@STRING{ OUP = "Oxford University Press"}
@STRING{ NY = "New York"}
@STRING{ Cambridge = "Cambridge, MA"}
@STRING{ Oreilly = "O'Reilly \& Associates"}
@STRING{ LEA = "Lawrence Erlbaum Associates"}
@book{Agar,
	author={Michael H. Agar},
	title={Language Shock: Understanding the Culture of Conversation},
	publisher={Perennial},
	year={1996},
	abstract={Describes the work of Malinowsky, Whorf et. al. Introduced the word \emph{Rich
		Point} to me. },
}

@book{Aitchison,
	author={Jean Aitchison},
	title={Words in the Mind: An Introduction to the Mental Lexicon},
	publisher={Basil Blackwell},
	year={1987},
	address={New York}
}

@book{Anderson,
	author={John R. Anderson},
	title={The Adaptive Character of Thought},
	publisher= LEA,
	year={1990},
	address={Hillsdale, NJ}
}

@book{Anderson:LandM,
	author={John R. Anderson},
	title={Learning and Memory: An Integrated Approach},
	publisher={John Wiley and Sons},
	year={1995}
}

@article{Armstrong,
	author={S. L. Armstrong and L. R. Gleitman and H. Gleitman},
	title={What some concepts might not be},
	journal={Cognition},
	year={1983},
	volume={13},
	pages={263-308}
}

@book{Arnheim,
	author={Rudolph Arnheim},
	title={Art and Visual Perception: A Psychology of the Creative Eye},
	publisher={University of California Press},
	year={1983},
	edition={2nd}
}

@book{Barwise,
	author={Jon Barwise and John Perry},
	title={Situations and Attitudes},
	publisher={MIT Press},
	year={1983}
}

@book{BerneHello,
	author={Eric Berne},
	title={What do you say after you say hello? The psychology of human destiny},
	publisher={Grove Press},
	year= 1972 
}

@book{Bishop,
	author={Christopher Bishop},
	title={Pattern Recognition and Machine Learning},
	publisher={Springer},
	year={2006}
}

@incollection{ChalmersFrench,
	author={David Chalmers and Robert French and Douglas R. Hofstadter},
	title={High-level Perception, Representation, and Analogy: A Critique of Artificial-intelligence
		Methodology},
	booktitle={Fluid Concepts \& Creative Analogies: Computer Models of the Fundamental
		Mechanisms of Thought},
	year={1995},
	publisher={Basic Books}
}

@article{Churchland,
	author={Paul M. Churchland},
	title={Eliminative Materialism and the Propositional Attitudes},
	journal={Journal of Philosophy},
	year={1981},
	volume={78},
	number={2},
	pages={67-90}
}

@incollection{Clark:MagicWords,
	author={Andy Clark},
	title={Magic Words: How language augments human computation},
	booktitle={Thought and Language},
	year={1998},
	publisher={Cambridge University Press},
	address={Cambridge, England},
	editor={S. Boucher and P. Carruthers}
}

@book{Clark:Mindware,
	author={Andy Clark},
	title={Mindware: An Introduction to the Philosophy of Cognitive Science},
	publisher= OUP,
	year={2001}
}

@incollection{Clark:Symbol,
	author={Andy Clark},
	title={The Presence of a Symbol},
	booktitle={Mind Design II},
	year={1992},
	publisher={MIT Press},
	editor={John Haugeland},
	pages={377-394},
	optaddress={Cambridge, MA}
}

@inproceedings{colton00automatic,
	author={Simon Colton and Alan Bundy and Toby Walsh},
	title={Automatic Identification of Mathematical Concepts},
	booktitle={Proc. 17th International Conf. on Machine Learning},
	year={2000},
	publisher={Morgan Kaufmann, San Francisco, CA},
	pages={183--190},
	abstract={Automatic concept formation. Seems similar to Lenat's AM, except with a
		theorem prover. Nothing very interesting in sequence understanding},
	url={citeseer.nj.nec.com/colton99automatic.html}
}

@book{Dennett:Consciousness,
	author={Daniel Dennett},
	title={Consciousness Explained},
	publisher={Little, Brown},
	year={1991},
	edition={1st}
}

@article{Dennett:Labeling,
	author={Dan Dennett},
	title={Learning and Labeling: Commentary on {A}. {C}lark \& {A}. {K}armiloff-{S}mith},
	journal={Mind \& Language},
	year={1994},
	volume={8},
	pages={540-548}
}

@phdthesis{Ekbia,
	author={Ekbia, Hamid},
	title={AI Dreams and Discourse: Science and Engineering in Tension},
	school={Computer Science Department, Indiana University},
	year= 2003,
	month={August},
	address={Bloomington}
}

@book{Ellis,
	author={John M. Ellis},
	title={Language, Thought, and Logic},
	publisher={Northwestern University Press},
	year={1993},
	address={Evanston, Il}
}

@book{Fodor:psychosemantics,
	author={Jerry Fodor},
	title={Psychosemantics: the Problem of Meaning in the Philosophy of the Mind},
	publisher={MIT press},
	year={1987},
	address={Cambridge, MA}
}

@book{Gardenfors,
	author={Peter G{\"a}rdenfors},
	title={Conceptual Spaces: The Geometry of Thought},
	publisher={MIT Press},
	year={2000},
	address={Cambridge, MA}
}

@book{Goffman,
	author={Erving Goffman},
	title={Frame Analysis: An Essay on the Organization of Experience},
	publisher={Northeastern University Press},
	year={1986}
}

@book{Hofstadter:FCCA,
	author={Douglas R. Hofstadter},
	title={{Fluid Concepts \& Creative Analogies: Computer Models of the Fundamental
		Mechanisms of Thought}},
	publisher={Basic Books},
	year={1995}
}

@book{Hofstadter:GEB,
	author={Douglas R. Hofstadter},
	title={{G}{\"o}del, {E}scher, {B}ach: an Eternal Golden Braid},
	publisher={Penguin},
	year={1979},
	isbn={0-14-017997-6}
}

@book{Hofstadter:LeTon,
	author={Douglas Hofstadter},
	title={Le Ton beau de Marot: In praise of the Music of Language},
	publisher={Basic Books},
	year={1997},
	address={New York, N.Y.}
}

@book{Hofstadter:meta,
	author={Douglas R. Hofstadter},
	title={Metamagical themas : questing for the essence of mind and pattern},
	publisher={Basic Books},
	year={1985},
	address= NY,
	keywords={LOGIC THEOREM-PROVING AI THEORY BOOK GODEL}
}

@inbook{Hofstadter:meta12,
	author={Douglas R. Hofstadter},
	title={Metamagical themas: questing for the essence of mind and pattern},
	chapter= 12,
	year= 1985,
	publisher={Basic Books},
	pages={232-259}
}

@book{Indurkhya,
	author={Bipin Indurkhya},
	title={Metaphor and Cognition: An Interactionist Approach },
	publisher={Kluwer Academic Publishers},
	year= 1992,
	volume= 13,
	series={Studies in Cognitive Systems}
}

@book{Jackendoff,
	author={Ray Jackendoff},
	title={Semantics and Cognition},
	publisher={MIT Press},
	year={1985},
	address={Cambridge, MA}
}

@book{James,
	author={William James},
	title={The Principles of Psychology},
	publisher={Dover Publications},
	year={1890}
}

@book{Kanerva,
	author={Pentti Kanerva},
	title={Sparse Distributed Memory},
	publisher= BradfordMIT,
	year={1988},
	address= Cambridge,
	abstract={Weird (and neatly so) approach to memory using vector spaces and such}
}

@incollection{Kirsh,
	author={David Kirsh},
	title={When is Information Explicitely Represented?},
	year= 1991 
}

@book{Kuhn,
	author={Thomas Kuhn},
	title={The Structure of Scientific Revolutions},
	publisher={University of Chicago Press},
	year={1970},
	address={Chicago},
	edition={2nd}
}

@inproceedings{Laird,
	author={Philip Laird and Ronald Saul and Peter Dunning},
	title={A Model of Sequence Extrapolation},
	booktitle={Proceedings of the Sixth Annual conference on Computational Learning Theory},
	year={1993},
	pages={84-93},
	abstract={Very algorithmic. With *no* examples of what sequences it actually works
		on.},
	optaddress={Santa Cruz, CA }
}

@book{Lakoff,
	author={George Lakoff and Rafael E. Nu{\~n}ez},
	title={Where Mathematics Comes From: How the Embodied Mind Brings Mathematics into
		Being},
	publisher={Basic Books},
	year={2001}
}

@misc{Mahabal:simon,
	author={Abhijit Mahabal},
	title={Recreation of Simon Kotovsky's program},
	year={2006},
	month={Sep},
	howpublished={http://www.cs.indiana.edu/~$\tilde{ }$~amahabal/simon.pl}
}

@phdthesis{Marshall,
	author={James B. Marshall},
	title={Metacat: A Self-Watching Cognitive Architecture For Analogy-Making And High-Level
		Perception},
	school={Computer Science Department, Indiana University},
	year={1999},
	address={Bloomington}
}

@phdthesis{Meredith,
	author={Marsha J. Meredith},
	title={Seek-Whence: A Model of Pattern Perception},
	school={Computer Science Department, Indiana University},
	year= 1986,
	address={Bloomington}
}

@book{Minsky,
	author={Marvin L. Minsky},
	title={The Society of Mind},
	publisher= SimonSchuster,
	year= 1985,
	address= NY 
}

@book{Mitchell,
	author={Melanie Mitchell},
	title={Analogy Making as Perception},
	publisher= BradfordMIT ,
	year= 1993,
	address= Cambridge 
}

@phdthesis{Mitchell90,
	author={Melanie Mitchell},
	title={Copycat: A Computer Model Of High-Level Perception And Conceptual Slippage
		In Analogy-Making},
	school={Computer Science Department, Indiana University},
	year={1990},
	address={Bloomington}
}

@article{Moser,
	author={Hofstadter, D and Moser, D},
	title={To err is human: To study error-making is cognitive science},
	journal={Michigan Quarterly Review},
	year= 1989 
}

@book{Neisser,
	title={Memory Observed: Remembering in Natural Contexts},
	publisher={Worth Publishing},
	year={1999},
	editor={Ulric Neisser and Ira E. Hyman},
	edition={2nd}
}

@techreport{Persson,
	author={Staffan Persson},
	title={Some Sequence Extrapolating Programs: A study of Representation and Modeling
		in Inquiring Systems},
	institution={Computer Science Department, Stanford University},
	year={1966},
	number={STAN-CS-66-050}
}

@book{Pinker,
	author={Steven Pinker},
	title={The Language Instinct: How the Mind Creates Language},
	publisher={Perennial},
	year={2000}
}

@incollection{Pivar,
	author={M. Pivar and M. Finkelstein},
	title={Automation using LISP of Induction on Sequences },
	booktitle={The Programming Language LISP},
	year={1964},
	publisher={Information International, Inc.},
	editor={E. Berkeley and D. Bobrow}
}

@book{Pullum,
	author={Geoffrey K. Pullum},
	title={The Great Eskimo Vocabulary Hoax and Other Irreverant Essays on the Study
		of Language},
	publisher={University of Chicago Press},
	year={1991},
	address={Chicago, Il}
}

@inproceedings{Reddy,
	author={D. R. Reddy and L. D. Erman and R. D. Fennel and R. B. Neely},
	title={The {HEARSAY-II} Speech Understanding System: An Example of the Recognition
		Process},
	booktitle={Proceedings of the International Joint Conference of Artificial Intelligence},
	year={1973},
	address={Stanford},
	pages={185-194}
}

@book{Regier,
	author={Terry Regier},
	title={The Human Semantic Potential---Spatial Language and Constrained Connectionism},
	publisher={MIT Press},
	year= 1996,
	address={Cambridge, MA}
}

@phdthesis{Rehling,
	author={John A. Rehling},
	title={Letter Spirit (Part Two): Modeling Creativity In A Visual Domain},
	school={Computer Science Department, Indiana University},
	year={2001},
	address={Bloomington}
}

@article{Rosch,
	author={E. Rosch},
	title={Cognitive Representations of Semantic Categories},
	journal={Journal of Experimental Psychology: General},
	year={1975},
	volume={104},
	pages={192-233}
}

@book{Schank:Dynamic,
	author={Roger C. Schank},
	title={Dynamic Memory},
	publisher={Cambridge UP},
	year={1982}
}

@book{Schank:Revisited,
	author={Roger C. Schank},
	title={Dynamic Memory Revisited},
	publisher={Cambridge University Press},
	year= 1999,
	edition={2nd}
}

@book{Schank+Abelson,
	author={Roger C. Schank and Robert P. Abelson},
	title={Scripts, Plans, Goals and Understanding: an Inquiry into Human Knowledge
		Structures},
	publisher={L. Erlbaum},
	year={1977},
	address={Hillsdale, NJ},
	keywords={PAM, SAM, TALE-SPIN, causality, conceptual dependency, goals, plans, scripts,
		semantic primitive, text understanding}
}

@book{Searle,
	author={J. R. Searle},
	title={Speech Acts},
	publisher={Cambridge University Press},
	year={1970},
	optaddress={Cambridge, England}
}

@article{SimonKotovsky,
	author={Herbert A. Simon and Kenneth Kotovsky},
	title={Human Acquisition of Concepts for Sequential Patterns},
	journal={Psychological Review},
	year={1963},
	volume={70},
	number={6},
	pages={534-546}
}

@book{WallCamelBook,
	author={Larry Wall and Tom Christiansen and Jon Orwant},
	title={Programming Perl},
	publisher= Oreilly,
	year={2000},
	edition={3rd}
}

@book{Zerubavel,
	author={Eviatar Zerubavel},
	title={The Fine Line},
	publisher={University of Chicago Press}
}

@book{klimesch,
	author={Wolfgang Klimesch},
	title={The Structure of Long-Term Memory: A Connectivity Model of Semantic Processing},
	publisher= LEA,
	year={1994},
	address={Hillsadale, NJ},
	note={Main library. BF 371 K54 1994}
}

