@String{Oreilly = "O'Reilly \& Associates"}

@Book{CamelBook,
  author =	 {Larry Wall and  Tom Christiansen and  Jon Orwant},
  title = 	 {Programming Perl},
  publisher = 	 Oreilly,
  year = 	 {2000},
  edition =	 {3rd}
}

