@Misc{,
  OPTkey =       {},
  OPTauthor =    {},
  OPTtitle =     {},
  OPThowpublished = {},
  OPTmonth =     {},
  OPTyear =      {},
  OPTnote =      {},
  OPTannote =    {}
}

