
@Book{AndersonArch,
  author =	 {John Anderson},
  title = 	 {Architecture of Cognition},
  publisher = 	 {Lea},
  year = 	 1996
}

@Book{LamShan,
  editor =	 {Lamberts, K and Shanks, D},
  title = 	 {Knowledge, Concepts, and Categories (Studies in Cognition)},
  publisher = 	 {MIT Press},
  year = 	 1997,
  annote =	 {Read chapters 5 & 6}
}

@Article{Kruschke92,
  author = 	 {Kruschke, John K.},
  title = 	 {ALCOVE: An exemplar-based connectionist model of category learning.},
  journal = 	 {Psychological Review},
  year = 	 1992,
  volume =	 99,
  number =	 1,
  pages =	 {22-44},
  month =	 {Jan}
}




@Article{rulex,
  author = 	 {RM Nosofsky and TJ Palmeri and SC McKinley },
  title = 	 {Rule-plus-exception model of classification learning},
  journal = 	 {Psychological Review},
  year = 	 1994
}

@Article{WisniewskiMedin,
  author = 	 {EJ Wisniewski and DL Medin},
  title = 	 { On the interaction of theory and data in concept learning},
  journal = 	 {Cognitive Science},
  year = 	 1994,
  volume =	 18,
  pages =	 {221-281}
}



@Article{MedinWattMich,
  author = 	 {DL Medin and WD Wattenmaker and RS Michalski },
  title = 	 {Constraints and preferences in inductive learning: An experimental study of human and machine},
  journal = 	 {Cognitive Science},
  year = 	 1987
}



@InProceedings{Langley,
  author = 	 {Langley, P},
  title = 	 {Selection of relevant features in machine learning},
  booktitle =	 {AAAI Fall Symposium on Relevance},
  year =	 1994,
  address =	 {New Orleans}
}

@Article{LISA,
  author = 	 {Hummel, JE and Holyoak, KJ},
  title = 	 {Distributed representations of structure: A theory of analogical access and mapping},
  journal = 	 {Psychological Review},
  year = 	 1997,
  volume =	 104,
  number =	 3,
  pages =	 {427-466}
}



@InCollection{goldstone,
  author = 	 {Goldstone, RL},
  title = 	 {Learning to perceive while perceiving to learn},
  booktitle = 	 {Perceptual organization in vision:Behavioral and neural perspectives},
  publisher =	 {?},
  year =	 {?},
  editor =	 {R. Kimchi and M. Behrmann and C. Olson}
}


@Article{SME,
  author = 	 {Falkenhainer, B. and Forbus, K. D. and Gentner, D.},
  title = 	 {The structure-mapping engine},
  journal = 	 {Artificial Intelligence},
  year = 	 1990,
  volume =	 41,
  pages =	 {1-63}
}


@Article{ACME,
  author = 	 {Holyoak, K. J. and Thagard, P.},
  title = 	 {Analogical mapping by constraint satisfaction},
  journal = 	 {Cognitive Science},
  year = 	 1989,
  volume =	 13,
  pages =	 {295-355}
}




@Book{MentalLeaps,
  author =	 {Holyoak, K J and Thagard, P},
  title = 	 {Mental leaps: Analogy in creative thought},
  publisher = 	 {MIT Press},
  year = 	 1995,
  address =	 {Cambridge, MA}
}

@InCollection{PDP,
  author = 	 {Rumelhart, D. E. and Hinton, G. E., and Williams, R. J.},
  title = 	 {Learning Internal Representations by Error Propagation},
  booktitle = 	 {Parallel Distributed Processing: Explorations in the Microstructure of Cognition},
  publisher =	 {MIT Press},
  year =	 1986,
  editor =	 {Rumelhart, D. E. and McClelland, J. L}
}

@Article{Leeuwenberg,
  author = 	 {Leeuwenberg, E.},
  title = 	 {A perceptual coding language for visual and auditory patterns},
  journal = 	 {American Journal of Psychology},
  year = 	 1971,
  volume =	 84,
  pages =	 {307-347}
}

@Article{ACT,
  author = 	 {Anderson, JR},
  title = 	 {ACT: A Simple Theory of Complex Cognition},
  journal = 	 {American Psychologist},
  year = 	 1996,
  volume =	 51,
  number =	 {355-365}
}



@InCollection{Schemata,
  author = 	 {Anderson, J. R. and Kline, P. J. and Beasley, C. M.},
  title = 	 {A general learning theory and its application to schema abstraction},
  booktitle = 	 {The psychology of learning and motivation },
  pages =	 {277-318},
  publisher =	 {Academic Press},
  year =	 1979,
  editor =	 {Bower, G.H.},
  address =	 {New York}
}


@InBook{Listening,
  author =	 {Stephen Handel},
  title = 	 { Listening : an introduction to the perception of auditory events },
  chapter = 	 {Rhythm},
  publisher = 	 {MIT Press},
  year = 	 1989
}

